<collection xmlns="http://www.loc.gov/MARC21/slim">
   <record>
      <leader>02508nam a2200529oi 4500</leader>
      <controlfield tag="001">6811140</controlfield>
      <controlfield tag="003">CaONFJC</controlfield>
      <controlfield tag="005">20150220062337.0</controlfield>
      <controlfield tag="006">m        d        </controlfield>
      <controlfield tag="007">cr||n|||||||||</controlfield>
      <controlfield tag="008">141209s2015    enk     ob    001 0 eng d</controlfield>
      <datafield ind1=" " ind2=" " tag="020">
         <subfield code="a">9781317653554</subfield>
         <subfield code="q">electronic bk.</subfield>
      </datafield>
      <datafield ind1=" " ind2=" " tag="020">
         <subfield code="a">1317653556</subfield>
         <subfield code="q">electronic bk.</subfield>
      </datafield>
      <datafield ind1=" " ind2=" " tag="020">
         <subfield code="a">9781138026148</subfield>
      </datafield>
      <datafield ind1=" " ind2=" " tag="020">
         <subfield code="a">9781322434872 (MyiLibrary)</subfield>
      </datafield>
      <datafield ind1=" " ind2=" " tag="037">
         <subfield code="a">674769</subfield>
         <subfield code="b">MIL</subfield>
      </datafield>
      <datafield ind1=" " ind2=" " tag="039">
         <subfield code="a">exclude</subfield>
      </datafield>
      <datafield ind1=" " ind2=" " tag="040">
         <subfield code="a">CaONFJC</subfield>
         <subfield code="c">CaONFJC</subfield>
         <subfield code="e">rda</subfield>
         <subfield code="d">AEU</subfield>
      </datafield>
      <datafield ind1=" " ind2="4" tag="050">
         <subfield code="a">RC489.C62</subfield>
      </datafield>
      <datafield ind1=" " ind2="7" tag="072">
         <subfield code="a">HEA</subfield>
         <subfield code="x">039000</subfield>
         <subfield code="2">bisacsh</subfield>
      </datafield>
      <datafield ind1=" " ind2="7" tag="072">
         <subfield code="a">MED</subfield>
         <subfield code="x">014000</subfield>
         <subfield code="2">bisacsh</subfield>
      </datafield>
      <datafield ind1=" " ind2="7" tag="072">
         <subfield code="a">MED</subfield>
         <subfield code="x">022000</subfield>
         <subfield code="2">bisacsh</subfield>
      </datafield>
      <datafield ind1=" " ind2="7" tag="072">
         <subfield code="a">MED</subfield>
         <subfield code="x">112000</subfield>
         <subfield code="2">bisacsh</subfield>
      </datafield>
      <datafield ind1=" " ind2="7" tag="072">
         <subfield code="a">MED</subfield>
         <subfield code="x">045000</subfield>
         <subfield code="2">bisacsh</subfield>
      </datafield>
      <datafield ind1="0" ind2="4" tag="082">
         <subfield code="a">616.89/1425</subfield>
         <subfield code="2">23</subfield>
      </datafield>
      <datafield ind1=" " ind2=" " tag="090">
         <subfield code="a">Internet Access</subfield>
         <subfield code="b">AEGMCT</subfield>
      </datafield>
      <datafield ind1=" " ind2=" " tag="091">
         <subfield code="a">DO NOT ADD TO THIS RECORD - PSA PROJECT</subfield>
      </datafield>
      <datafield ind1="1" ind2=" " tag="100">
         <subfield code="a">Hunter, Myra,</subfield>
         <subfield code="e">author.</subfield>
         <subfield code="0">http://id.loc.gov/authorities/names/n94068680</subfield>
         <subfield code="0">http://viaf.org/viaf/281967341</subfield>
      </datafield>
      <datafield ind1="1" ind2="0" tag="245">
         <subfield code="a">Managing hot flushes with group cognitive behaviour therapy</subfield>
         <subfield code="h">[electronic resource] :</subfield>
         <subfield code="b">an evidence based treatment manual for health professionals /</subfield>
         <subfield code="c">Myra Hunter and Melanie Smith.</subfield>
      </datafield>
      <datafield ind1=" " ind2="1" tag="264">
         <subfield code="a">Hove, East Sussex ;</subfield>
         <subfield code="a">New York, NY :</subfield>
         <subfield code="b">Routledge,</subfield>
         <subfield code="c">2015.</subfield>
      </datafield>
      <datafield ind1=" " ind2=" " tag="300">
         <subfield code="a">1 online resource (1 online resource (xiii, 191 pages).)</subfield>
      </datafield>
      <datafield ind1=" " ind2=" " tag="336">
         <subfield code="a">text</subfield>
         <subfield code="b">txt</subfield>
         <subfield code="2">rdacontent</subfield>
         <subfield code="0">http://id.loc.gov/vocabulary/contentTypes/txt</subfield>
      </datafield>
      <datafield ind1=" " ind2=" " tag="337">
         <subfield code="a">computer</subfield>
         <subfield code="b">c</subfield>
         <subfield code="2">rdamedia</subfield>
         <subfield code="0">http://id.loc.gov/vocabulary/mediaTypes/c</subfield>
      </datafield>
      <datafield ind1=" " ind2=" " tag="338">
         <subfield code="a">online resource</subfield>
         <subfield code="b">cr</subfield>
         <subfield code="2">rdacarrier</subfield>
         <subfield code="0">http://id.loc.gov/vocabulary/carriers/cr</subfield>
      </datafield>
      <datafield ind1=" " ind2=" " tag="504">
         <subfield code="a">Includes bibliographical references and index.</subfield>
      </datafield>
      <datafield ind1=" " ind2=" " tag="506">
         <subfield code="a">Access restricted to authorized users and institutions.</subfield>
      </datafield>
      <datafield ind1=" " ind2=" " tag="588">
         <subfield code="a">Description based on print version record.</subfield>
      </datafield>
      <datafield ind1=" " ind2=" " tag="596">
         <subfield code="a">57</subfield>
      </datafield>
      <datafield ind1=" " ind2="0" tag="650">
         <subfield code="a">Cognitive-experiential psychotherapy.</subfield>
         <subfield code="0">http://id.loc.gov/authorities/subjects/sh85027754</subfield>
      </datafield>
      <datafield ind1=" " ind2="0" tag="650">
         <subfield code="a">Group psychotherapy.</subfield>
         <subfield code="0">http://id.loc.gov/authorities/subjects/sh85057493</subfield>
      </datafield>
      <datafield ind1=" " ind2="0" tag="650">
         <subfield code="a">Menopause</subfield>
         <subfield code="x">Treatment.</subfield>
      </datafield>
      <datafield ind1="1" ind2=" " tag="700">
         <subfield code="a">Smith, Melanie,</subfield>
         <subfield code="d">1975-</subfield>
         <subfield code="e">author.</subfield>
         <subfield code="0">http://id.loc.gov/authorities/names/n2013019803</subfield>
         <subfield code="0">http://viaf.org/viaf/297202352</subfield>
      </datafield>
      <datafield ind1=" " ind2=" " tag="758">
         <subfield code="0">http://worldcat.org/entity/work/id/4961083</subfield>
      </datafield>
      <datafield ind1="0" ind2=" " tag="787">
         <subfield code="n">OCLC Work Id</subfield>
         <subfield code="o">http://worldcat.org/entity/work/id/4961083</subfield>
      </datafield>
      <datafield ind1="4" ind2="0" tag="856">
         <subfield code="3">MacEwan University Access</subfield>
         <subfield code="u">http://lib.myilibrary.com/detail.asp?ID=674769</subfield>
         <subfield code="z">(Single User Access)</subfield>
      </datafield>
      <datafield ind1=" " ind2=" " tag="949">
         <subfield code="w">ORDER</subfield>
         <subfield code="h">UAIN</subfield>
         <subfield code="m">GR_MAC_INT</subfield>
         <subfield code="z">MILGMPSA</subfield>
      </datafield>
      <datafield ind1=" " ind2=" " tag="926">
         <subfield code="a">Internet Access</subfield>
         <subfield code="w">ORDER</subfield>
         <subfield code="c">1</subfield>
         <subfield code="i">6811140-1001</subfield>
         <subfield code="l">INTERNET</subfield>
         <subfield code="m">GR_MAC_INT</subfield>
         <subfield code="r">Y</subfield>
         <subfield code="s">Y</subfield>
         <subfield code="t">E-RESOURCE</subfield>
         <subfield code="u">2/24/2015</subfield>
         <subfield code="x">E-BOOK</subfield>
         <subfield code="z">MILGMPSA</subfield>
      </datafield>
   </record>
</collection>
